%% This BibTeX bibliography file was created using BibDesk.
%% http://bibdesk.sourceforge.net/

%% Created for David Andrew Brown at 2018-01-16 14:10:39 +0000 


%% Saved with string encoding Unicode (UTF-8) 



@electronic{turkey,
	Author = {BBC},
	Date-Added = {2018-01-16 13:49:37 +0000},
	Date-Modified = {2018-01-16 13:50:24 +0000},
	Month = {April},
	Title = {Turkish authorities block Wikipedia without giving reason},
	Url = {http://www.bbc.com/news/world-europe-39754909},
	Urldate = {2018-01-16},
	Year = {2017}}

@electronic{north-korean-media,
	Author = {Chico Harlan},
	Date-Added = {2018-01-16 13:40:22 +0000},
	Date-Modified = {2018-01-16 13:47:07 +0000},
	Month = {April},
	Title = {In North Korea, the state-run news agency is the weapon of choice},
	Url = {https://www.washingtonpost.com/world/asia_pacific/in-north-korea-the-news-agency-is-the-weapon-of-choice/2013/04/28/88f3003e-aff2-11e2-bbf2-a6f9e9d79e19_story.html?utm_term=.8c0c3036efac},
	Urldate = {2018-01-16},
	Year = {2013},
	Bdsk-Url-1 = {https://www.washingtonpost.com/world/asia_pacific/in-north-korea-the-news-agency-is-the-weapon-of-choice/2013/04/28/88f3003e-aff2-11e2-bbf2-a6f9e9d79e19_story.html?utm_term=.8c0c3036efac}}

@electronic{book-burning,
	Author = {{\relax United States Holocaust Memorial Museum}},
	Date-Added = {2018-01-16 13:30:21 +0000},
	Date-Modified = {2018-01-16 13:46:44 +0000},
	Lastchecked = {2018-01-16},
	Title = {Book Burning},
	Url = {https://www.ushmm.org/wlc/en/article.php?ModuleId=10005852},
	Year = {2018},
	Bdsk-Url-1 = {https://www.ushmm.org/wlc/en/article.php?ModuleId=10005852}}

@electronic{autonomous-data-networks,
	Author = {Nick Lambert},
	Date-Added = {2018-01-16 13:15:33 +0000},
	Date-Modified = {2018-01-16 13:17:33 +0000},
	Title = {Autonomous Data Networks and Why The World Needs Them},
	Url = {https://blog.maidsafe.net/2017/10/07/autonomous-data-networks-and-why-the-world-needs-them/},
	Urldate = {2018-01-16},
	Bdsk-Url-1 = {https://blog.maidsafe.net/2017/10/07/autonomous-data-networks-and-why-the-world-needs-them/}}

@electronic{zim,
	Author = {Wikimedia-CH},
	Date-Added = {2018-01-16 12:23:47 +0000},
	Date-Modified = {2018-01-16 12:26:49 +0000},
	Url = {http://www.openzim.org/wiki/OpenZIM},
	Urldate = {2018-01-16},
	Year = {2018},
	Bdsk-Url-1 = {http://www.openzim.org/wiki/OpenZIM}}

@electronic{safenetwork,
	Author = {Maidsafe},
	Date-Added = {2018-01-16 12:21:59 +0000},
	Date-Modified = {2018-01-16 12:22:35 +0000},
	Title = {Secure Access For Everyone},
	Url = {https://safenetwork.org/},
	Urldate = {2018-01-16},
	Year = {2018},
	Bdsk-Url-1 = {https://safenetwork.org/}}

@electronic{maidsafe,
	Author = {Maidsafe},
	Date-Added = {2018-01-16 12:17:18 +0000},
	Date-Modified = {2018-01-16 12:21:02 +0000},
	Title = {The World's First Autonomous Data Network},
	Url = {https://maidsafe.net/},
	Urldate = {2018-01-16},
	Year = {2018},
	Bdsk-Url-1 = {https://maidsafe.net/}}
